
@inproceedings{Yahoo2017,
  author    = {Shumpei Okura and
               Yukihiro Tagami and
               Shingo Ono and
               Akira Tajima},
  title     = {Embedding-based News Recommendation for Millions of Users},
  booktitle = {Proceedings of the 23rd {ACM} {SIGKDD} International Conference on
               Knowledge Discovery and Data Mining, Halifax, NS, Canada, August 13
               - 17, 2017},
  pages     = {1933--1942},
  year      = {2017},
  crossref  = {DBLP:conf/kdd/2017},
%  url       = {https://doi.org/10.1145/3097983.3098108},
%  doi       = {10.1145/3097983.3098108},
  timestamp = {Tue, 06 Nov 2018 16:59:35 +0100},
  biburl    = {https://dblp.org/rec/bib/conf/kdd/OkuraTOT17},
  bibsource = {dblp computer science bibliography, https://dblp.org}
},

